@article{Juliae2012,
author = {Juliae, Miguel and Gil, Arturo and Reinoso, Oscar},
isbn = {0929-5593},
issn = {09295593},
journal = {Autonomous Robots},
keywords = {Autonomous exploration,Mapping of unknown environments,Path planning for multiple mobile robot systems},
number = {4},
pages = {427--444},
title = {{A comparison of path planning strategies for autonomous exploration and mapping of unknown environments}},
url = {http://cloud.politala.ac.id/politala/Jurnal/JurnalTI/Jurnal 28/A comparison of path planning strategies for autonomous.pdf},
volume = {33},
year = {2012}
}
@article{Moorehead2001,
author = {Moorehead, S.J. and Simmons, Reid and Whittaker, W.L.},
doi = {10.1109/ROBOT.2001.933093},
isbn = {0-7803-6576-3},
issn = {10504729},
journal = {Proceedings 2001 ICRA. IEEE International Conference on Robotics and Automation (Cat. No.01CH37164)},
number = {March},
pages = {3098--3103},
title = {{Autonomous exploration using multiple sources of information}},
url = {http://ieeexplore.ieee.org/lpdocs/epic03/wrapper.htm?arnumber=933093},
volume = {3},
year = {2001}
}

